
@book{taocp,
 author = {Knuth, Donald E.},
 title = {The Art of Computer Programming, volumes 1--4A},
 year = 1997,
 publisher = {Addison Wesley Professional},
}

@Misc{mapreuve,
  title =     {Preuve en Why3 du crible d'Euler},
  howpublished = {\url{bitbucket/c'estici}}}

@Misc{crible-euler,
  title =     {Crible d'{Euler}},
  howpublished = {\url{https://en.wikipedia.org/wiki/Sieve_of_Eratosthenes#Euler's_sieve}}}

@Misc{crible-segmente,
  title =     {Crible d'{Ératosthène} segmenté},
  howpublished = {\url{https://en.wikipedia.org/wiki/Sieve_of_Eratosthenes#Segmented_sieve}}}

